<record><leader>00000cas a22000007a 4500</leader><controlfield tag="001">15148830</controlfield><controlfield tag="008">870204d18551855pauwr ne      0    0eng d</controlfield><datafield ind1=" " ind2=" " tag="010"><subfield code="a">sn 88079437 </subfield></datafield><datafield ind1=" " ind2=" " tag="040"><subfield code="a">NPH</subfield><subfield code="b">eng</subfield><subfield code="c">NPH</subfield><subfield code="d">OCLCQ</subfield></datafield><datafield ind1=" " ind2=" " tag="042"><subfield code="a">msc</subfield></datafield><datafield ind1="0" ind2="4" tag="245"><subfield code="a">The register &amp; examiner. And Village record for Saturday.</subfield></datafield><datafield ind1="3" ind2="0" tag="246"><subfield code="a">Register &amp; examiner and village record</subfield></datafield><datafield ind1="3" ind2="0" tag="246"><subfield code="a">Register and examiner and village record</subfield></datafield><datafield ind1="3" ind2="0" tag="246"><subfield code="a">Register and examiner and village record for Saturday</subfield></datafield><datafield ind1=" " ind2=" " tag="260"><subfield code="a">West Chester, Pa. :</subfield><subfield code="b">Henry S. Evans</subfield></datafield><datafield ind1=" " ind2=" " tag="300"><subfield code="a">v.</subfield></datafield><datafield ind1=" " ind2=" " tag="310"><subfield code="a">Weekly</subfield></datafield><datafield ind1="1" ind2=" " tag="362"><subfield code="a">Began in 1855 ; ceased in 1855.</subfield></datafield><datafield ind1=" " ind2=" " tag="515"><subfield code="a">Issues for &lt;Feb. 17,1855&gt; called also &lt;whole no. 1322&gt;.</subfield></datafield><datafield ind1=" " ind2=" " tag="588"><subfield code="a">Description based on : vol. 26, no. 22 (Feb. 17, 1855).</subfield></datafield><datafield ind1=" " ind2=" " tag="752"><subfield code="a">United States</subfield><subfield code="b">Pennsylvania</subfield><subfield code="c">Chester</subfield><subfield code="d">West Chester.</subfield></datafield><datafield ind1="0" ind2=" " tag="775"><subfield code="t">Village record (West Chester, Pa. : 1838)</subfield><subfield code="w">(DLC)sn 85054088</subfield></datafield><datafield ind1="0" ind2="4" tag="785"><subfield code="t">Village record and register &amp; examiner</subfield><subfield code="w">(DLC)sn 84026660</subfield></datafield></record>